{
  "leader": "03703cam a2200529 a 4500",
  "fields": [
    {
      "001": "ocm26912811\\"
    },
    {
      "003": "OCoLC"
    },
    {
      "005": "20220629093730.0"
    },
    {
      "008": "920128s1992\\\\\\\\nyua\\\\\\\\\\b\\\\\\\\001\\0\\eng\\\\"
    },
    {
      "010": {
        "ind1": "\\",
        "ind2": "\\",
        "subfields": [
          {
            "a": "   92080009 "
          }
        ]
      }
    },
    {
      "040": {
        "ind1": "\\",
        "ind2": "\\",
        "subfields": [
          {
            "a": "DLC/MoSU-L"
          },
          {
            "b": "eng"
          },
          {
            "c": "SLU"
          },
          {
            "d": "DLC"
          },
          {
            "d": "PQA"
          },
          {
            "d": "CUI"
          },
          {
            "d": "WEA"
          },
          {
            "d": "NLGGC"
          },
          {
            "d": "BTCTA"
          },
          {
            "d": "CNMBL"
          },
          {
            "d": "TULIB"
          },
          {
            "d": "OCLCF"
          },
          {
            "d": "OCLCQ"
          },
          {
            "d": "OCLCO"
          },
          {
            "d": "DHA"
          },
          {
            "d": "OPT"
          },
          {
            "d": "GILDS"
          },
          {
            "d": "HVL"
          },
          {
            "d": "SNN"
          },
          {
            "d": "OCLCQ"
          },
          {
            "d": "BDP"
          },
          {
            "d": "NLVRD"
          },
          {
            "d": "Z4W"
          },
          {
            "d": "OCLCO"
          }
        ]
      }
    },
    {
      "019": {
        "ind1": "\\",
        "ind2": "\\",
        "subfields": [
          {
            "a": "86036939"
          },
          {
            "a": "1078819929"
          },
          {
            "a": "1268979400"
          }
        ]
      }
    },
    {
      "020": {
        "ind1": "\\",
        "ind2": "\\",
        "subfields": [
          {
            "a": "0912917245"
          }
        ]
      }
    },
    {
      "020": {
        "ind1": "\\",
        "ind2": "\\",
        "subfields": [
          {
            "a": "9780912917245"
          }
        ]
      }
    },
    {
      "035": {
        "ind1": "\\",
        "ind2": "\\",
        "subfields": [
          {
            "a": "(OCoLC)26912811"
          },
          {
            "z": "(OCoLC)86036939"
          },
          {
            "z": "(OCoLC)1078819929"
          },
          {
            "z": "(OCoLC)1268979400"
          }
        ]
      }
    },
    {
      "042": {
        "ind1": "\\",
        "ind2": "\\",
        "subfields": [
          {
            "a": "lcnccp"
          }
        ]
      }
    },
    {
      "050": {
        "ind1": "0",
        "ind2": "0",
        "subfields": [
          {
            "a": "HV6250.4.W65"
          },
          {
            "b": "F74 1992"
          }
        ]
      }
    },
    {
      "055": {
        "ind1": "\\",
        "ind2": "4",
        "subfields": [
          {
            "a": "HV6250.4 W65"
          },
          {
            "b": "F74"
          }
        ]
      }
    },
    {
      "080": {
        "ind1": "0",
        "ind2": "\\",
        "subfields": [
          {
            "a": "HV6626 .F74 1992"
          }
        ]
      }
    },
    {
      "082": {
        "ind1": "0",
        "ind2": "4",
        "subfields": [
          {
            "a": "362.83"
          },
          {
            "b": "FRE"
          }
        ]
      }
    },
    {
      "245": {
        "ind1": "0",
        "ind2": "0",
        "subfields": [
          {
            "a": "Freedom from violence :"
          },
          {
            "b": "women's strategies from around the world /"
          },
          {
            "c": "edited by Margaret Schuler."
          }
        ]
      }
    },
    {
      "260": {
        "ind1": "\\",
        "ind2": "\\",
        "subfields": [
          {
            "a": "New York, NY (Widbooks, P.O. Box 20109, Dag Hammarskjold Convenience Center, New York 10017) :"
          },
          {
            "b": "OEF International :"
          },
          {
            "b": "Distributed by UNIFEM,"
          },
          {
            "c": "\u00a91992."
          }
        ]
      }
    },
    {
      "300": {
        "ind1": "\\",
        "ind2": "\\",
        "subfields": [
          {
            "a": "xv, 354 pages :"
          },
          {
            "b": "illustrations ;"
          },
          {
            "c": "23 cm."
          }
        ]
      }
    },
    {
      "336": {
        "ind1": "\\",
        "ind2": "\\",
        "subfields": [
          {
            "a": "text"
          },
          {
            "b": "txt"
          },
          {
            "2": "rdacontent"
          }
        ]
      }
    },
    {
      "337": {
        "ind1": "\\",
        "ind2": "\\",
        "subfields": [
          {
            "a": "unmediated"
          },
          {
            "b": "n"
          },
          {
            "2": "rdamedia"
          }
        ]
      }
    },
    {
      "338": {
        "ind1": "\\",
        "ind2": "\\",
        "subfields": [
          {
            "a": "volume"
          },
          {
            "b": "nc"
          },
          {
            "2": "rdacarrier"
          }
        ]
      }
    },
    {
      "490": {
        "ind1": "1",
        "ind2": "\\",
        "subfields": [
          {
            "a": "Women, law, and development"
          }
        ]
      }
    },
    {
      "504": {
        "ind1": "\\",
        "ind2": "\\",
        "subfields": [
          {
            "a": "Includes bibliographical references (pages 307-323) and index."
          }
        ]
      }
    },
    {
      "505": {
        "ind1": "0",
        "ind2": "\\",
        "subfields": [
          {
            "a": "Violence against women : an international perspective / Margaret Schuler -- Asia. Of Kali born : women, violence and the law in Sri Lanka / Radhika Coomaraswamy -- Whose laws? Human rights and violence against women in Pakistan / Hina Jilani -- Stopping the violence against women : fifteen years of activism in India / Govind Kelkar -- Mobilizing on all fronts : a comprehensive strategy to end violence against women in Malaysia / Irene Fernandez -- Exotic, subservient and trapped : confronting prostitution and traffic in women in Southeast Asia / Siriporn Skrobanek -- Africa. Claiming our bodies and our rights : exploring female circumcision as an act of violence in Africa / Asma Mohammed A'Haleem -- Working the system : sensitizing the police to the plight of women in Zimbabwe / Sheelagh Stewart -- Latin America. Developing strategies : efforts to end violence against women in Mexico / Elizabeth Shrader-Cox."
          }
        ]
      }
    },
    {
      "505": {
        "ind1": "0",
        "ind2": "\\",
        "subfields": [
          {
            "a": "(cont.) A new approach to law enforcement : the special women's police stations in Brazil / Luiza Nagib Eluf -- Long live the differences, with equal rights : a campaign to end violence against women in Bolivia / Sonia Montan\u0303o -- A new concept of mediation : an interdisciplinary approach to domestic violence in Chile / Nelly Gonzalez -- North America. Reflections on a movement : the U.S. battle against women abuse / Lori Heise and Jane Roberts Chapman."
          }
        ]
      }
    },
    {
      "520": {
        "ind1": "3",
        "ind2": "\\",
        "subfields": [
          {
            "a": "This book tells the stories of women organizing to combat gender violence in Sri Lanka, India, Pakistan, Malaysia, Thailand, Sudan, Zimbabwe, Mexico, Bolivia, Brazil, Chile and the United States."
          }
        ]
      }
    },
    {
      "650": {
        "ind1": "\\",
        "ind2": "0",
        "subfields": [
          {
            "a": "Women"
          },
          {
            "x": "Crimes against."
          }
        ]
      }
    },
    {
      "650": {
        "ind1": "\\",
        "ind2": "0",
        "subfields": [
          {
            "a": "Women"
          },
          {
            "x": "Violence against."
          }
        ]
      }
    },
    {
      "650": {
        "ind1": "\\",
        "ind2": "0",
        "subfields": [
          {
            "a": "Feminism."
          }
        ]
      }
    },
    {
      "650": {
        "ind1": "\\",
        "ind2": "0",
        "subfields": [
          {
            "a": "Abused wives."
          }
        ]
      }
    },
    {
      "650": {
        "ind1": "\\",
        "ind2": "0",
        "subfields": [
          {
            "a": "Abused women."
          }
        ]
      }
    },
    {
      "650": {
        "ind1": "\\",
        "ind2": "2",
        "subfields": [
          {
            "a": "Crime Victims"
          }
        ]
      }
    },
    {
      "650": {
        "ind1": "\\",
        "ind2": "2",
        "subfields": [
          {
            "a": "Battered Women"
          }
        ]
      }
    },
    {
      "650": {
        "ind1": "\\",
        "ind2": "2",
        "subfields": [
          {
            "a": "Feminism"
          }
        ]
      }
    },
    {
      "650": {
        "ind1": "\\",
        "ind2": "7",
        "subfields": [
          {
            "a": "Women"
          },
          {
            "x": "Crimes against."
          },
          {
            "2": "fast"
          },
          {
            "0": "(OCoLC)fst01176618"
          }
        ]
      }
    },
    {
      "650": {
        "ind1": "\\",
        "ind2": "7",
        "subfields": [
          {
            "a": "Women"
          },
          {
            "x": "Violence against."
          },
          {
            "2": "fast"
          },
          {
            "0": "(OCoLC)fst01427006"
          }
        ]
      }
    },
    {
      "700": {
        "ind1": "1",
        "ind2": "\\",
        "subfields": [
          {
            "a": "Schuler, Margaret."
          }
        ]
      }
    },
    {
      "776": {
        "ind1": "0",
        "ind2": "8",
        "subfields": [
          {
            "i": "Online version:"
          },
          {
            "t": "Freedom from violence."
          },
          {
            "d": "New York, NY (Widbooks, P.O. Box 20109, Dag Hammarskjold Convenience Center, New York 10017) : OEF International : Distributed by UNIFEM, \u00a91992"
          },
          {
            "w": "(OCoLC)624378274"
          }
        ]
      }
    },
    {
      "830": {
        "ind1": "\\",
        "ind2": "0",
        "subfields": [
          {
            "a": "Series on women, law, and development."
          }
        ]
      }
    },
    {
      "994": {
        "ind1": "\\",
        "ind2": "\\",
        "subfields": [
          {
            "a": "Z0"
          },
          {
            "b": "NYRVC"
          }
        ]
      }
    },
    {
      "948": {
        "ind1": "\\",
        "ind2": "\\",
        "subfields": [
          {
            "h": "NO HOLDINGS IN NYRVC - 256 OTHER HOLDINGS"
          }
        ]
      }
    },
    {
      "999": {
        "ind1": "\\",
        "ind2": "\\",
        "subfields": [
          {
            "a": "00000000019085"
          }
        ]
      }
    }
  ]
}